<?xml version="1.0" encoding="UTF-8"?><collection xmlns="http://www.loc.gov/MARC21/slim"><record><leader>00367nam--2200133-i-4500</leader><controlfield tag="001">000047890</controlfield><controlfield tag="002">20161230</controlfield><controlfield tag="005">20161230201046</controlfield><controlfield tag="008">060222s1000------------r-----000-0-eng-d</controlfield><datafield ind1=" " ind2=" " tag="080"><subfield code="a">541.128</subfield></datafield><datafield ind1=" " ind2=" " tag="100"><subfield code="a">Wolkenstein,Th</subfield></datafield><datafield ind1=" " ind2=" " tag="245"><subfield code="a">Elektronentheorie der katalyse an halbleitern</subfield></datafield><datafield ind1=" " ind2=" " tag="260"><subfield code="a">Berlin,Veb Deutscher Verlag Der Wissenschaften, 1964. Vi+258 P</subfield></datafield><datafield ind1=" " ind2=" " tag="852"><subfield code="a">75216</subfield></datafield></record></collection>